<?xml version="1.0" encoding="UTF-8"?><collection xmlns="http://www.loc.gov/MARC21/slim"><record><leader>00401nam--2200157-u-4500</leader><controlfield tag="001">000051689</controlfield><controlfield tag="002">20161230</controlfield><controlfield tag="005">20161230201049</controlfield><controlfield tag="008">080820s1000------------r-----000-0-eng-d</controlfield><datafield ind1=" " ind2=" " tag="040"><subfield code="a">IFIN-HH</subfield></datafield><datafield ind1="1" ind2=" " tag="100"><subfield code="a">Bekia, Ilia</subfield></datafield><datafield ind1="1" ind2="0" tag="245"><subfield code="a">Kompleksnii analiz i ego prilojeniia</subfield></datafield><datafield ind1=" " ind2=" " tag="260"><subfield code="a">Moskva</subfield><subfield code="b">Izdatelstvo Nauka</subfield><subfield code="c">1978</subfield></datafield><datafield ind1=" " ind2=" " tag="300"><subfield code="a">672 p</subfield></datafield><datafield ind1=" " ind2=" " tag="852"><subfield code="a">46773</subfield><subfield code="c">517.53 : 517.55</subfield></datafield><datafield ind1=" " ind2=" " tag="CAT"><subfield code="a">Sys</subfield><subfield code="c">20080820</subfield><subfield code="h">125102</subfield></datafield></record></collection>